2706 4568
600 388 844 501 *m*

233 580 377 659 ectum
398 593 470 667 eet,
502 595 550 659 ut
588 599 664 658 non
697 582 821 658 solum
854 605 970 684 genus
1002 579 1206 684 pecudum,

234 721 367 782 utrurn
385 708 637 786 masculinum
653 723 744 784 esset
759 733 808 782 an
826 703 1067 786 femininum,
1091 730 1205 806 qute-

234 845 405 914 tete‘tur2
435 828 498 908 red
523 832 628 909 oolor
654 854 808 932 quoque
832 827 986 912 etalio,
1010 851 1109 929 quae
1134 828 1205 902 sub

232 953 347 1028 unius
373 953 545 1028 vocabuli
570 953 727 1028 nomine
755 967 833 1028 non
861 967 1015 1054 possunt
1038 961 1207 1054 compre·

232 1072 371 1160 tendi,
397 1063 590 1152 idearum
613 1057 795 1153 electione
820 1073 1108 1176 respieetentur.
1145 1077 1206 1150 lu·

232 1196 365 1298 primis
390 1196 486 1272 illud
510 1199 768 1302 spectabatur,
794 1179 839 1272 ut
862 1196 1111 1300 symbolicum
1135 1194 1207 1270 eli-

231 1319 327 1420 quid
352 1321 524 1396 viotimae
549 1320 774 1396 inhaereret.
823 1319 877 1396 Cf.
900 1319 1206 1396 Macrobsnun

232 1442 307 1514 nel.
319 1446 382 1530 lll‚
394 1442 428 1517 5.
445 1462 483 1517 et
497 1471 551 1520 10.
576 1447 671 1520 serv.
697 1442 746 1518 ad
759 1439 863 1544 Virg.
877 1436 1044 1544 Georgie.
1058 1447 1105 1530 ll,
1121 1441 1205 1539 395.

231 1561 280 1636 ad
294 1568 382 1638 Aen.
401 1571 466 1651 Ill,
482 1572 559 1642 ηδ.
585 1567 725 1642 Arnob.
740 1563 824 1639 adv.
836 1581 935 1666 gent
954 1567 1037 1648 Vll,
1054 1592 1110 1638 αι.
1124 1590 1206 1666 sqq.

233 1685 341 1781 Quae
366 1686 559 1791 religionis
582 1715 669 1788 pars
693 1715 716 1762 a
740 1687 917 1764 Romanis
938 1688 1097 1764 maxima
1115 1715 1206 1762 eum

232 1834 324 1890 eura
352 1811 417 1884 ¹tel
451 1812 618 1899 exculta,
661 1812 718 1887 vel
758 1808 916 1886 aliunde
949 1825 1100 1914 'reoepta
1138 1826 1205 1886 est.¹

231 1929 342 2004 Unde
367 1959 433 2008 nos
455 1932 656 2008 admiratio
681 1932 786 2008 haud
814 1933 957 2008 tenebit
980 1930 1158 2022 videntes,
1181 1956 1204 2012 e

230 2054 394 2152 Virgilio
426 2075 551 2130 nostro
587 2057 682 2156 leges
706 2059 964 2136 Romanorum
995 2053 1207 2156 pontificias

231 2199 377 2248 summa
402 2202 489 2250 oum
510 2178 739 2254 rereoundin
763 2197 846 2254 esse'
862 2195 1028 2254 servatas.
1080 2178 1204 2274 Quam

232 2299 400 2402 religiose
424 2318 552 2376 autem
578 2318 686 2406 poeta
711 2303 860 2404 singulo
880 2300 1020 2401 euiqoe
1041 2297 1112 2372 deo
1129 2299 1208 2376 sio·

230 2405 360 2522 gulare
386 2424 627 2525 assignaverit
658 2427 818 2513 animal,
855 2449 900 2498 ex
928 2449 972 2498 eo
1002 2423 1206 2526 praecipue

230 2547 417 2633 noscitur,
447 2546 567 2650 ¹quod
601 2547 851 2650 grammatici,
890 2565 1012 2647 quum
1046 2545 1087 2618 in
1124 2561 1206 2624 uno

228 2668 310 2740 loco
331 2667 412 2756 (ΙΙΙ,
440 2696 498 2742 21·
522 2670 592 2770 sq)
639 2672 720 2746 Iovi
744 2689 913 2757 taurum,
936 2669 1019 2742 l'ooo
1043 2669 1206 2756 iuvenuit

229 2804 362 2862 contra
394 2787 454 2864 ius
485 2790 726 2893 pontificium
757 2790 1007 2868 sacrificatum
1029 2805 1103 2870 erse
1134 2819 1205 2895 pu·

127 2881 136 2909 ’
231 2929 331 2998 tent,
355 2909 455 2987 hanc
479 2915 739 2990 difficultatem
764 2914 852 3019 ipsis
876 2940 997 3018 paene
1021 2913 1203 2990 inenoda-

230 3039 348 3114 bilem
388 3038 545 3113 summis
591 3039 749 3141 argutiis
784 3038 970 3141 explicare
1014 3036 1201 3111 nitantur.

228 3162 370 3260 (Quam
390 3189 476 3240 vero
489 3162 776 3266 explicationem
788 3163 965 3251 afferunt,
991 3188 1069 3236 non
1087 3155 1201 3259 digna

228 3304 303 3373 est,
341 3309 439 3390 quae
466 3305 631 3360 notetur.
698 3290 781 3362 Non
821 3286 924 3362 enim
956 3282 1198 3367 videnum

227 3423 338 3507 poeta
375 3407 489 3482 etiam
514 3409 585 3492 vt,
613 3406 693 3484 253.
728 3426 856 3516 tauros
888 3404 1092 3506 appellari,
1131 3402 1199 3505 qui

226 3554 353 3604 revera
377 3547 467 3626 sunt
492 3529 659 3618 iuvenci,
691 3549 736 3606 ut
763 3558 784 3606 e
807 3532 861 3609 Vl
870 3585 879 3620 ,
908 3534 990 3622 243·
1014 3528 1197 3630 apertissi-

223 3677 340 3727 mum.
392 3652 540 3750 Deinde
572 3680 659 3730 vero
696 3672 848 3730 taurum
883 3653 959 3728 lovi
994 3651 1198 3755 praecipue

187 3831 190 3836 .
224 3771 437 3862 immolari,
483 3774 591 3850 docet
627 3774 772 3852 disertis
810 3772 931 3848 verbis
971 3772 1071 3848 testis
1109 3797 1198 3850 sene
