2722 4574
564 420 947 478 .-1v··'.

209 589 404 696 negligant
416 609 531 696 atque
548 592 734 696 ignorent.
756 591 861 668 Idem
876 619 911 698 p.
928 619 1008 670 112·
1021 602 1189 698 not.517.

210 737 374 840 Virgilio
389 737 559 814 vindicat
580 766 756 841 magnam
779 739 887 814 illam
910 757 950 815 et
973 738 1015 816 in
1034 740 1192 822 historia

209 905 249 967 et
273 888 315 961 in
339 886 617 989 antiquitatum
642 887 747 962 omni
772 911 908 990 genere
922 886 1192 979 eruditionem,

208 1041 229 1109 a
274 1033 481 1110 scholiastis
521 1061 669 1110 summo
711 1033 795 1108 iure
841 1033 947 1112 toties
985 1033 1191 1114 laudatam.

209 1185 318 1281 Quae
343 1179 474 1288 eadem
498 1179 734 1274 Niebubritts
757 1179 907 1272 'ubriltl
938 1198 978 1256 et
1009 1183 1192 1287 exemplis

208 1325 439 1430 quibusdam
464 1325 612 1401 firmata
637 1325 729 1401 olim
768 1325 812 1402 in
849 1325 986 1403 scholis
1025 1353 1190 1432 quoque,

207 1501 301 1578 quas
326 1473 373 1547 de
402 1471 698 1576 antiquitatibus
722 1473 900 1548 Romanis
932 1473 1084 1564 habuit,
1115 1500 1192 1549 sae-

207 1646 418 1735 penumero
432 1617 604 1734 pretulit.
648 1621 800 1734 Quibus
814 1621 937 1736 verbis
953 1624 1072 1732 menti
1088 1647 1191 1698 meae
1221 1679 1223 1683 ψ

208 1771 285 1845 iam
314 1761 396 1878 tum
422 1763 532 1843 alte
494 1767 709 1880 impressis
729 1725 885 1872 Vligilii
897 1723 1096 1846 Ἀ’θῇεἰᾶἶ
1098 1794 1189 1873 ope-

207 1949 289 1996 ram
313 1895 405 1990 llaec
429 1901 610 1990 maiorem
634 1911 738 2018 apud
760 1901 934 1990 animum
952 1900 1093 1991 ¹mc'um
1118 1921 1189 1991 'sta-

204 2085 375 2141 sueram:
402 2085 440 2141 et
463 2092 492 2140 st
482 2062 660 2168 'quod'
650 2092 691 2136 in
708 2056 780 2136 boc
793 2052 920 2135 studio
940 2073 1082 2136 novum'
1103 2090 1190 2205 prn-

208 2215 311 2304 fero,
337 2209 439 2320 dicto
466 2209 587 2286 illius
596 2207 877 2350 impellebar'
844 2209 945 2295 vui,
955 2208 1092 2284 cuius
1103 2189 1201 2283 ἰηεὲ

208 2348 369 2441 moriam
394 2365 523 2439 omnes
528 2357 771 2510 excipient
778 2333 882 2431 Βοῇἷ
897 2305 1192 2489 οούεεςιιςηῐὲές

179 2488 237 2585 ἐἰ
263 2499 395 2584 sorte
385 2537 451 2584 m
465 2509 525 2584 bis
559 2478 792 2614 explicandis
829 2525 867 2581 et
897 2468 1193 2610 interpretandis

209 2651 349 2732 rectius
370 2651 466 2759 quid
488 2655 667 2728 senserim
706 2628 921 2754 primibus,
958 2649 1048 2726 viris
1073 2627 1202 2726 ‹lebeo‘

208 2785 339 2882 ceteris
340 2797 670 2933 praeclarissimis
694 2799 732 2871 e't
758 2796 800 2868 in
822 2776 934 2870 bac
923 2775 1102 2903 inprimis
1127 2775 1201 2874 no-¹

207 2933 283 3026 stia
319 2963 357 3022 et
394 2948 435 3023 in
466 2925 699 3022 Berolinensi
736 2919 939 3019 literarum
969 2939 1100 3019 'sede
1077 2973 1118 3050 Β
1106 2921 1202 3019 ἠιξ

207 3091 474 3198 frequentatis,
499 3117 595 3195 quos
611 3057 829 3164 etiamnum
850 3058 986 3166 llerere
1009 3086 1193 3220 suavique

149 3221 416 3346 gaudere
394 3226 489 3319 luce
525 3237 595 3316 (leo
626 3232 772 3394 optimo
797 3237 946 3396 gratias
968 3239 1088 3317 babeo
1115 3267 1193 3315 ma-

213 3391 340 3466 xlma&
