2706 4568
602 483 652 506 .-
704 453 872 522 too-

244 639 364 716 doctis
387 639 549 743 prolatu.
585 643 709 740 Quae
731 642 761 724 si
781 659 908 746 posset
932 641 1098 737 firmari,
1121 667 1223 719 com-

235 763 392 866 ,paratio
421 782 521 838 rasta
546 781 584 840 et
614 791 704 856 sans
734 783 825 853 esset
853 765 1041 845 instituta
1065 825 1069 834 .
1093 766 1224 857 Sermo

243 886 346 960 enim
367 901 422 960 est
445 883 492 958 de
512 883 666 970 Didone
692 905 821 964 mente
845 905 955 991 capta
976 887 1138 989 visisque
1162 913 1225 979 vo-

232 1009 310 1082 -riis
321 1007 484 1098 anxiata.
534 1009 776 1112 Comparatio
792 1009 1011 1106 instituitur
1023 1037 1111 1087 cum
1128 1013 1225 1087 Pen-

244 1129 360 1216 abeo,¹
388 1129 459 1231 qui
484 1126 631 1218 demens
652 1130 858 1232 Furiarum
895 1133 1066 1233 agmina,
1104 1131 1222 1230 solem

240 1251 454 1353 geminum,
503 1249 749 1356 duplicesque
781 1255 929 1333 Thebas
962 1254 1083 1348 videt,
1134 1283 1224 1352 cum

241 1375 382 1458 Oreste,
409 1377 479 1479 qui
500 1376 620 1450 scenis
639 1379 818 1480 agitatur.
869 1367 978 1477 Quae
996 1403 1130 1470 saeuae
1153 1379 1177 1450 i.
1191 1403 1224 1452 e.

217 1491 320 1574 ‘visa
368 1500 533 1604 amplius
569 1499 846 1576 ‘describuntur
887 1527 1001 1590 versu
1032 1520 1223 1603 sequente,

243 1649 366 1728 quum
387 1641 546 1699 matrem
568 1622 767 1699 facibuset
781 1625 1020 1730 serpentibus
1040 1643 1226 1699 armatam

243 1764 282 1820 et
305 1745 419 1820 Diras
453 1747 494 1820 in
527 1747 662 1822 limine
692 1746 860 1824 sedentes
890 1748 1000 1852 fugit
1053 1747 1228 1824 Vocibus

242 1874 361 1942 scenis
402 1868 585 1970 agitaltes
609 1871 810 1976 respondet
853 1871 982 1974 itaque
1020 1870 1063 1948 in
1098 1858 1228 1974 priore

240 2009 483 2098 comparatos
504 1994 603 2078 illud
627 1995 798 2080 ‘demens
817 2043 824 2066 ·,
865 1996 1024 2075 ‘Firmat‘
1059 1993 1227 2099 denique

242 2128 364 2196 meam
388 2119 613 2198 sententiam
639 2118 744 2197 locas
768 2119 979 2204 amiter‘Aou
1002 2122 1069 2209 111,
1080 2125 1175 2194 331:

253 2310 257 2320 ¹
289 2315 338 2332 -
387 2321 437 2338 -
486 2281 658 2350 Scelerum
679 2283 793 2350 Furiis
818 2287 972 2374 agitatus
998 2284 1152 2352 Orestes.

241 2457 312 2536 Sed
326 2457 429 2539 unde
445 2457 605 2568 digressa
630 2467 694 2566 ιιι,
707 2458 838 2543 eodem
861 2431 1073 2542 revertatur
1090 2459 1225 2548 oratio.

241 2553 374 2688 Neque
414 2584 518 2670 enim
559 2586 749 2661 Romanae
787 2584 912 2658 solum
954 2580 1061 2660 aedes
1098 2582 1224 2656 menti

241 2707 414 2808 Virgilii,
436 2705 640 2781 Aeneidem
664 2706 877 2803 scribentis,
904 2707 1067 2793 inerant,
1092 2731 1228 2783 verum

244 2831 358 2908 etiam
384 2826 506 2904 omnis
530 2850 662 2909 earum
685 2844 904 2933 apparatus,
931 2825 1073 2904 omnia
1085 2826 1228 2902 instru-

241 2971 383 3050 menta,
410 2976 509 3088 quae
529 2948 578 3027 ad
598 2975 710 3056 usum
722 2947 994 3053 quotidianum
1015 2969 1054 3025 et
1077 2947 1125 3027 ad
1143 2951 1228 3024 cul-

247 3093 331 3161 tum
363 3073 648 3176 exquisitiorem
682 3073 892 3180 pertinent,
928 3101 959 3148 v
998 3099 1031 3175 g
1069 3070 1226 3176 pilenta

246 3198 306 3272 De
319 3221 484 3300 quorum
510 3187 618 3334 apud
635 3213 824 3273 matronas
837 3198 1022 3272 Romanas
1046 3217 1120 3292 usu
1136 3218 1227 3268 con-

247 3319 456 3419 tulerunt
446 3345 522 3413 tam
546 3318 614 3425 riri
643 3314 744 3394 docti
769 3319 921 3418 Festum
943 3341 1018 3392 ev.
1045 3342 1132 3392 cum
1146 3315 1225 3390 Lir

245 3442 408 3528 v,25.
432 3417 619 3544 Virgilius
659 3458 789 3516 autem
825 3441 902 3515 iam
940 3417 1225 3540 antiquioribus

239 3563 324 3662 illis
346 3563 529 3648 matronis
554 3564 699 3670 pilenta
721 3560 860 3640 tribuit
879 3563 1044 3663 ΧΙ,48

247 3737 498 3809 Subvebitur
519 3763 650 3832 magna,
672 3757 817 3808 matrum
837 3743 963 3832 regina
987 3749 1124 3812 caterva

297 3865 401 3934 Dona
412 3865 551 3953 serens.
