2706 4568
500 457 551 484 h--
595 427 668 496 Μ
721 467 769 484 -

144 609 649 724 nos·quuedam'='t'ap'geree·,·
665 621 865 725 quomod)-
882 607 1009 700 remim
1035 601 1125 698 itti-

139 769 235 816 sum
246 742 476 838 ‘arietantem
498 759 594 846 apte
606 743 957 847 disponeremus'eo
971 747 1124 848 eloque-

143 868 317 940 aemma.
336 868 420 968 lpsd
448 865 541 954 uta,
570 857 771 967 aquaassdc.
798 866 1004 943 drussi-bus
1030 873 1125 944 sub-

148 987 391 1062 innueramus
405 989 529 1070 latiae
563 985 664 1078 fuso,
703 990 989 1065 coarctavimus
998 991 1125 1068 etad

148 1131 288 1212 mea.
284 1107 571 1190 revomuimus
568 1129 772 1194 momenta
842 1099 1027 1209 Quartam
1063 1111 1126 1214 de-

146 1235 279 1362 nique
292 1240 439 1338 pdrtem
474 1233 660 1308 fecium
656 1236 807 1322 erite
801 1221 1012 1310 domestica
1047 1216 1127 1310 md-

150 1383 209 1431 res
225 1355 413 1460 quosdam
432 1356 667 1444 derideamus,
687 1360 825 1464 probe
836 1367 978 1434 temeti
987 1359 1128 1432 intelli-

146 1499 296 1582 geuoco,
338 1480 436 1554 tnnc
466 1481 689 1586 praecipue
709 1483 914 1584 augerlet
875 1479 1127 1582 etamptiari

151 1631 279 1708 posse.
316 1605 449 1700 Quum
474 1631 570 1678 vero
565 1600 806 1706 repobus-a,
838 1583 1045 1706 disciplina
1057 1592 1130 1675 nti·

151 1728 277 1818 litari,
317 1729 522 1827 religione,
568 1727 721 1828 vitaque
751 1727 950 1804 domestica
989 1751 1127 1814 omnes,

152 1867 343 1951 quotquot
366 1867 472 1933 sunt,
511 1875 679 1952 quasque
705 1869 814 1956 poeta
845 1851 980 1943 aliquis
1008 1865 1129 1952 potest

153 1974 364 2078 respieetqe
410 1974 507 2048 vitae
543 1975 704 2049 rationes
744 1970 1129 2079 comprehendantur,

155 2099 225 2171 hae
247 2115 374 2178 nutem
400 2123 528 2172 omnes
552 2125 620 2203 per
644 2099 829 2200 integram
850 2095 1054 2174 Aeneidem
1081 2093 1131 2169 ad

154 2207 339 2296 Romanos
363 2246 482 2294 mores
517 2218 593 2296 sint
628 2219 892 2296 adumbratae:
928 2220 1146 2294 necessaria-

155 2344 417 2416 consecutione
442 2345 617 2431 efficitur,
644 2361 767 2417 totum
792 2341 864 2416 hoc
886 2367 1038 2415 carmen
1060 2343 1132 2414 Ro-

156 2490 269 2538 mano
305 2483 455 2540 tantum
485 2464 802 2542 morumhahitu
837 2483 1013 2540 ornatum
1046 2487 1131 2557 esse.

156 2592 210 2663 Ac
233 2589 263 2662 si
279 2588 428 2691 singula
453 2591 616 2690 legentes
640 2589 738 2664 forte
764 2616 841 2663 non
858 2604 1019 2671 movent,
1045 2586 1133 2660 uni-

158 2738 259 2788 versa
284 2731 384 2788 certe
407 2733 533 2788 tamen
569 2713 670 2787 inter
704 2738 742 2788 se
773 2735 940 2786 connexa
975 2728 1014 2784 et
1043 2736 1133 2782 eon·

160 2833 289 2907 iuncta
313 2859 374 2908 eos
398 2851 572 2908 moveant
585 2851 742 2933 oportet,
768 2853 813 2905 ut
838 2832 1033 2919 nohisoum
1051 2855 1133 2932 per-

158 2953 335 3058 spiciant,
360 2951 409 3025 ad
432 2953 695 3055 explicandam
719 2949 924 3026 Aeneidem
945 2979 1039 3056 opus
1059 2977 1134 3026 esse

160 3076 336 3178 inprimis
378 3075 533 3150 scientia
577 3075 807 3155 accuratiore
829 3093 884 3149 et
927 3076 1133 3178 copiosiore
1229 3128 1236 3147 ,

160 3198 443 3289 Romanarum,
488 3225 583 3301 quas
630 3216 790 3284 vocant,
848 3196 1153 3300 antiquitatum„
1229 3235 1232 3242 ¹

162 3321 270 3418 Quae
302 3319 427 3396 lucem
460 3339 499 3396 et
537 3321 703 3396 afferunt
733 3319 914 3419 Virgilio,
959 3338 997 3400 et
1037 3319 1134 3392 acci.
1192 3321 1198 3334 ’

161 3444 277 3547 piunt
317 3471 339 3518 a
379 3463 489 3548 poeta
532 3441 605 3522 hoc
645 3443 858 3520 doctissimo
900 3462 938 3518 et
974 3441 1133 3547 diligen-

165 3585 315 3642 trsstmo.

259 3693 437 3766 Attamen
462 3691 503 3766 in
527 3690 619 3766 alios
643 3715 797 3792 quoque
826 3691 1022 3794 scriptores
1054 3691 1136 3766 fru-

164 3830 246 3890 ctus
269 3812 386 3889 huius
410 3815 639 3920 quaestionis
661 3837 815 3890 manare
848 3813 943 3892 mihi
957 3813 1136 3892 'videtur

1198 3556 1213 3593 ἲ
