2706 4568
368 413 752 541 ,4¹75-

142 637 302 708 beneal·
321 649 409 708 uass
439 654 575 733 genus:
613 631 696 704 und
727 630 852 732 virgil
880 629 1000 706 -n'ahm
1033 629 1110 705 den

140 753 339 843 Ansdruck
363 781 428 830 aus
451 757 558 830 einer
578 753 865 859 pontificiseben
889 755 1069 830 Formas«

146 907 151 938 ε
239 882 389 955 Possent
413 879 505 954 haec
526 879 693 984 quidem,
719 905 816 981 quae
838 875 884 954 de
900 878 1113 954 imitatione

142 1003 405 1104 precationum
429 1005 553 1088 attuli,
578 1004 710 1079 multis
733 1003 816 1078 aliis
839 1003 967 1106 augeri
992 1027 1113 1077 exem-

143 1125 248 1228 plis.¹
276 1127 339 1202 Sic
360 1129 521 1215 Romani
543 1153 673 1232 pacem
697 1153 740 1202 ae
762 1127 909 1202 veniam
935 1125 1115 1230 petebant

144 1246 317 1334 decem,
349 1250 575 1326 invocabant
599 1275 673 1335 eos,
710 1269 756 1326 ut
779 1251 947 1328 faverent
970 1271 1127 1324 annue«

144 1391 306 1475 reusque
330 1375 439 1478 ipsis,
464 1393 509 1450 ut
528 1376 692 1451 volentes
714 1373 851 1451 darent
875 1371 1040 1475 aliquid,
1070 1389 1116 1445 ut

145 1493 243 1595 ipsos
264 1491 491 1598 respicerent
511 1515 580 1573 eet.
606 1494 676 1572 Sed
690 1496 737 1570 ab
750 1495 808 1571 his
826 1498 936 1570 variis
954 1495 999 1568 de
1012 1519 1116 1568 caus-

144 1616 192 1693 sis
215 1618 391 1694 abstineo.
446 1620 573 1696 Primo
606 1623 709 1695 enim
735 1619 945 1694 similitudo
979 1619 1115 1694 talium

146 1763 234 1820 cum
258 1738 320 1828 iis,
356 1765 455 1842 quae
487 1743 753 1846 inposterum
782 1739 1014 1814 carminibus
1034 1765 1117 1844 pos

145 1880 236 1937 sunt
257 1863 425 1962 agnosci,
455 1865 541 1940 satis
564 1888 753 1969 superque
785 1863 862 1938 iam
885 1889 906 1936 a
931 1860 1117 1936 Brissonio

146 1984 213 2060 lin
241 1990 268 2059 l.
295 1982 342 2059 de
360 1984 519 2060 -fo'rmul
545 2006 601 2076 ese
622 1986 820 2063 declarata.
869 1983 1019 2061 Deinde
1042 2009 1118 2057 me·

147 2124 234 2196 ouo,
262 2131 309 2181 ne
333 2107 375 2184 in
400 2107 502 2184 idem
524 2110 661 2186 vitium
687 2112 899 2201 incurram,
931 2107 1036 2212 quod
1060 2108 1118 2182 vir

147 2231 213 2306 ille
238 2229 469 2308 doctissimus
501 2234 694 2311 interdum
729 2236 845 2311 vitare
879 2261 958 2310 non
980 2231 1117 2337 potuit,

146 2374 193 2429 ut
216 2381 259 2429 ea
285 2357 469 2430 nimirum
488 2385 557 2460 pro
581 2358 810 2433 solemnibus
832 2357 1007 2448 habeam,
1023 2379 1123 2456 quac

147 2503 275 2553 revera
300 2505 320 2552 e
346 2479 491 2583 poetica
517 2497 687 2562 tantum,
712 2503 778 2553 seu
799 2479 968 2552 humana
993 2477 1122 2582 posius

125 2647 127 2651 -
148 2599 294 2674 indole
313 2593 563 2706 prodierunt,
602 2625 725 2702 neque
745 2601 865 2676 aliter
897 2617 1115 2707 potuerunt

149 2721 257 2799 edici.
306 2723 484 2826 Denique
522 2726 643 2800 multa
676 2723 791 2799 etiam
820 2744 976 2829 propter
1004 2726 1120 2799 ratio-

149 2867 238 2918 nem
270 2848 461 2924 brevitatis
497 2865 535 2925 et
575 2845 1120 2954 temporispraetermiuenda

148 2987 329 3046 existimo.

200 3219 202 3226 ,
290 3265 294 3274 ,
413 3139 471 3254 'a
499 3176 533 3244 5.
583 3174 642 3246 De
665 3145 829 3248 victimis.

171 3378 175 3391 ‚
232 3351 290 3417 ·ln
316 3343 496 3444 eligendis
521 3344 763 3432 animalibus,
797 3367 894 3446 quae
918 3341 990 3415 diis
1008 3344 1121 3416 'offer-

152 3485 344 3561 rerentur,
369 3495 447 3544 non
470 3470 592 3548 solum
612 3467 714 3571 apud
740 3471 910 3552 Graecos,
931 3465 994 3542 sed
1018 3467 1123 3572 apud

152 3594 336 3666 Romanos
376 3592 535 3668 maxima
572 3613 653 3668 erat
685 3593 826 3694 religio.
888 3593 994 3698 Opus
1018 3594 1121 3668 enim

154 3729 264 3798 eret,
291 3727 334 3786 ut
360 3713 499 3789 animal
526 3718 711 3788 rationem
734 3713 941 3818 'quandem
967 3714 1122 3797 heberet

76 3831 81 3839 ’
153 3833 347 3910 addeum
383 3836 532 3938 illum,¹
565 3840 627 3913 cui
661 3839 946 3917 sacrificaretur.
1015 3835 1122 3914 Unde
