2706 4568
624 401 869 472 ...74-

255 592 316 668 lbi
341 623 375 670 v-
400 601 482 672 208:

296 703 354 798 ¹-
377 772 425 788 -·-
447 741 506 810 Ita
532 765 581 813 mo
608 743 751 829 reserat
767 739 829 806 tibi
852 763 995 830 magnus
1022 757 1187 807 ovantem

248 881 264 910 ⁹
305 864 470 953 Iuppiter,
509 882 568 932 aut
602 869 787 956 quicunque
825 862 927 930 vcubi
960 863 1054 954 liaeo
1086 863 1231 955 adspicit

926 991 1059 1078 aequis}
1097 1053 1101 1060 ,
1137 1019 1140 1026 ·

254 1171 343 1244 Duo
369 1169 533 1273 denique
557 1173 630 1248 loci
655 1172 760 1273 iique
794 1168 955 1272 insignes
979 1187 1148 1274 restant,
1189 1170 1231 1246 in

253 1292 395 1391 quibus
414 1294 597 1396 Virgilius
629 1293 808 1386 formulas
830 1292 1011 1367 solemnes
1034 1291 1136 1368 mire
1158 1279 1230 1369 ser-

253 1415 362 1488 vavit.
412 1417 518 1514 Quos
543 1443 620 1492 non
640 1441 803 1519 possum,
822 1413 919 1516 quin
935 1407 1084 1490 addam‘.
1123 1417 1229 1491 Alter

254 1538 390 1634 legitur
413 1545 440 1628 Ι,
468 1543 556 1637 δὸκ

303 1732 348 1746 -
389 1731 440 1746 -
466 1697 596 1766 ‘Simul
615 1697 726 1767 divom
750 1698 880 1796 templis
901 1696 1021 1765 indicit
1046 1696 1225 1767 bonorem.

252 1883 327 1978 Ubi
350 1883 509 1962 Servius:
552 1882 689 1995 »Apud¹
705 1883 863 1960 maiores
880 1902 1024 1961 nostros
1045 1908 1128 1958 mos
1144 1879 1229 1968 fuit,

250 2023 296 2080 ut
319 2005 555 2108 magistratus
578 2024 662 2110 post
686 2031 743 2082 res
765 2007 894 2092 serias,
927 2031 1025 2108 quae
1036 2005 1226 2083 consulto

252 2128 544 2240 peragebantur,
585 2127 627 2201 in
660 2127 736 2202 fine
767 2145 872 2202 actus
900 2125 1103 2205 adderent:
1144 2125 1226 2201 Diis
1324 2205 1325 2245 ἶ

250 2248 435 2358 honorem
455 2248 556 2340 dico,
581 2249 640 2324 vel
663 2249 738 2324 alio
761 2248 887 2365 modo:
918 2250 1018 2326 Hinc
1041 2251 1092 2326 ad
1120 2250 1223 2334 'deos3

250 2371 364 2481 quod
375 2393 485 2480 poeta
509 2390 655 2450 amator
686 2357 925 2488 antiquitatis
948 2371 1144 2452 subtiliter
1162 2372 1225 2448 do·

251 2514 342 2571 cet«
392 2496 498 2571 Alter
521 2497 641 2583 estX
670 2501 752 2571 228.
777 2522 849 2598 sq*
968 2503 971 2510 '

301 2687 351 2698 -··
398 2693 449 2710 -
499 2657 676 2744 nglasne
697 2655 796 2722 deum
818 2680 905 2744 gens

299 2771 446 2866 Aenea?
475 2775 601 2866 Vigila.

253 2931 327 3007 Ubi
347 2934 517 3010 Servius.
568 2935 715 3014 »Verba
743 2951 833 3012 sunt
865 2961 1069 3012 sacrorum.
1130 2939 1224 3014 Nam

253 3054 414 3158 virgines
436 3059 569 3132 Vestae
593 3075 693 3132 certa
719 3053 780 3130 die
805 3057 913 3134 ibant
941 3058 990 3134 ad
1016 3083 1142 3160 regem
1170 3084 1223 3132 sa-

253 3207 426 3267 cr·‚orum
458 3196 496 3252 et
514 3177 710 3256 (licebant
757 3181 953 3280 Vigilasne
978 3205 1049 3254 resa
1077 3180 1221 3282 Vigila·

254 3298 372 3414 Quod
381 3301 595 3404 Virgilius
586 3328 668 3376 rure
684 3301 749 3378 dat
763 3306 918 3394 Aeneae,
940 3303 1046 3408 quasi
1071 3322 1109 3379 et
1134 3298 1220 3400 regi,

252 3439 291 3495 et
314 3449 429 3525 quem
459 3424 603 3527 ubique
627 3424 847 3534 Pontificem
884 3444 922 3500 et
952 3433 1142 3502 sacrorum
1164 3423 1221 3495 in·

254 3545 361 3620 ducit
386 3567 562 3650 peritum
569 3577 584 3611 o
638 3548 693 3624 Cf
719 3551 816 3626 Serv
840 3548 890 3624 ad
910 3555 957 3642 Il,
979 3555 1058 3646 148
1082 3574 1127 3624 ex
1144 3565 1220 3642 qu0

254 3668 484 3748 Niebuh1ius
526 3669 652 3747 bausit
716 3672 759 3746 in
812 3671 989 3752 historiae
1034 3677 1220 3746 Romanae

257 3809 341 3867 tom.
364 3794 390 3866 1.
417 3819 454 3896 p.
476 3790 554 3870 350.
580 3813 658 3872 not.
676 3799 756 3895 807.
780 3793 921 3871 dicensi
955 3796 1100 3870 »Deum
1124 3807 1217 3891 gens,
1319 3809 1320 3844 t
