2706 4568
511 401 752 480 ...73-

34 636 36 640 ·
149 599 195 691 x,
223 602 307 696 2542

199 751 250 817 sse
274 747 368 848 milti¹
385 771 476 816 nune
497 767 634 842 pugnae
664 756 843 844 princeps,
873 767 909 817 tu
941 757 1006 818 rite
1035 777 1117 844 pro-

430 952 432 958 ,
830 879 972 967 pinques

86 1003 92 1011 '
194 991 386 1087 ,Augurium
406 997 664 1091 Phrygibusque
688 996 781 1064 arisit
802 997 910 1090 pede,
943 996 1043 1074 diva,
1067 1021 1121 1062 se·
1224 1031 1228 1038 ·

702 1185 705 1192 ,
828 1118 948 1194 eunde.
992 1187 996 1195 ,

151 1237 200 1326 Χ,
220 1237 309 1334 461:
851 1317 855 1326 ,

163 1381 166 1388 ’
201 1383 236 1448 T
231 1407 262 1460 e,
284 1405 418 1474 precor,
442 1374 574 1459 Alcide,
597 1389 721 1475 coeptis
746 1379 942 1474 ingentibus
963 1378 1064 1449 adsis.
1107 1389 1112 1398 '

151 1521 195 1600 X,
270 1523 311 1592 3:

200 1545 336 1722 linium
360 1655 442 1722 milti
464 1653 545 1724 deus
571 1674 604 1722 et
629 1655 744 1731 telum,
768 1652 859 1749 quod
875 1656 999 1724 missile
1023 1654 1130 1750 libitu.

200 1777 301 1846 Nune
326 1775 452 1846 adsint.

154 1927 285 2026 »Quin
310 1927 423 2002 etiam
446 1919 492 2002 de
513 1919 697 2020 Deorum,
729 1957 894 2032 quorum
919 1953 1028 2035 opem
1053 1926 1124 2003 im-

150 2049 373 2156 plorabant,
410 2054 564 2128 nomine
588 2072 690 2128 certo
712 2053 870 2128 Romani
897 2051 1123 2140 dubitantes,

151 2167 276 2250 dicere
298 2174 486 2251 solebant:
526 2175 709 2279 Quisquis
732 2192 801 2252 eut
830 2169 885 2254 ait
910 2181 949 2252 P.
973 2177 1122 2253 Merula

150 2292 212 2393 (de
235 2301 354 2376 sacrif.
381 2305 495 2377 Rom.'
510 2324 540 2375 c·
563 2297 612 2394 6.)
639 2317 676 2375 et
701 2301 837 2403 probat
856 2295 979 2374 allatis
999 2297 1122 2371 Plaut.

150 2420 315 2499 Rudent.
341 2429 368 2514 1,
395 2432 429 2518 4,
455 2429 513 2522 57.
530 2439 573 2497 ¹et
595 2422 708 2522 Virg.¹
727 2424 819 2496 Aen.
842 2423 910 2511 IV,
935 2417 1022 2522 576:

199 2615 249 2630 -
295 2615 346 2628 -
394 2581 573 2674 Sequimur
592 2596 646 2656 te,
669 2595 788 2646 sancte
812 2577 963 2656 deorum,

80 2701 86 2714 ⁸
203 2707 361 2800 Quisquis
386 2730 430 2773 es.

151 2863 199 2935 In
223 2861 308 2950 illis,
333 2888 431 2964 quae
456 2861 502 2936 de
517 2863 719 2967 posteriore
735 2863 817 2936 loco
837 2858 1004 2936 Serviani
1023 2885 1123 2935 com-

150 2983 329 3058 mentarii
354 3003 594 3086 argutantur,
621 2985 693 3060 hoc
717 3009 840 3058 unum
863 2980 1014 3058 videtur
1038 3011 1125 3089 pro·

150 3101 294 3180 babile:
341 3108 542 3211 »Quisquis
564 3135 614 3184 es.
659 3105 873 3183 Se'cundum
898 3105 1124 3210 pontificum

150 3249 315 3317 morem,
341 3229 410 3332 qui
435 3230 487 3306 sic
511 3247 734 3335 precantur:
756 3229 928 3334 Iuppiter
952 3229 1124 3334 omnipo-

152 3365 243 3441 tens,
268 3354 326 3427 vel
344 3381 423 3455 qun
447 3351 522 3431 alio
546 3352 701 3430 nomine
716 3351 900 3460 appellari
926 3351 1120 3430 volueris«

150 3469 260 3552 Adde
283 3477 351 3566 lx,
375 3497 438 3552 21:

156 3731 160 3741 .
200 3684 247 3708 ···
297 3683 347 3704 ···
396 3653 529 3750 Sequor
550 3658 666 3724 omina
689 3670 810 3734 tantu,

204 3777 362 3870 Quisquis
383 3782 421 3847 in
447 3803 543 3850 arma
567 3801 676 3852 vocas.
775 3834 778 3847 .
