2722 4574
530 432 774 500 ..27...

163 620 273 698 audis
294 639 503 722 nautarum
518 624 654 727 Georg-
667 628 694 714 Ι,
711 628 793 720 504.
807 641 848 698 et
859 621 952 698 Aen}
967 622 1032 707 IV,
1045 628 1142 719 418„

166 743 333 820 eundem
366 744 556 850 pistorum
588 745 746 822 modum
786 748 920 848 Georg.
939 747 972 830 Ι,
999 749 1080 846 267.
1104 763 1143 821 et

90 927 94 935 -
164 875 255 946 Aen·
282 875 314 956 1,
344 896 422 968 ¹79·
466 869 537 964 (cf.
573 873 671 947 serv.
706 868 755 946 ad
780 870 906 969 Eclog.
926 871 1030 957 vlu,
1056 871 1142 956 δι),

163 1013 435 1096 pinorumque
459 996 643 1097 retegat,
656 1002 714 1094 49.
727 1021 779 1096 sq.
806 1011 844 1068 ez
859 994 1044 1080 neavu,
1060 997 1145 1090 rea,
1178 972 1179 981 ‘

163 1121 296 1192 Unum
333 1117 511 1221 idemque
548 1116 684 1192 textrix
714 1141 869 1220 quoque
904 1115 1073 1192 observat
1107 1127 1146 1192 et

163 1239 298 1340 Georg„
324 1241 353 1328 I,
380 1246 462 1338 294.
487 1257 525 1314 et
549 1242 640 1314 Aen.
657 1239 743 1324 VII,
770 1245 824 1333 ι4.
874 1237 991 1336 Quod
1014 1237 1063 1313 ad
1083 1265 1146 1312 ve·

162 1379 299 1438 natum
324 1361 480 1452 attinet,
513 1362 653 1466 poteria
676 1385 896 1465 comparare
919 1362 1053 1465 Georg.
1075 1365 1146 1450 111,

165 1495 250 1580 4¹2·
275 1511 330 1590 eq.
355 1511 444 1562 cum
468 1490 562 1562 Aen.
586 1489 615 1569 I,
642 1491 724 1581 324.
774 1487 851 1560 Nec
877 1511 955 1560 non
979 1482 1146 1560 eundem

164 1610 398 1686 inveniessin
427 1609 607 1686 eouviviia
632 1634 777 1682 morem
807 1609 942 1716 Gourg.
969 1611 1145 1708 1·V‚577.
1175 1664 1179 1672 ·
1264 1635 1266 1642 ’

167 1726 320 1810 erden.
344 1741 370 1820 1,
391 1754 499 1832 qna„
534 1731 678 1834 quibus
701 1729 816 1804 addar
848 1729 898 1805 de'
919 1757 962 1806 re
986 1730 1145 1808 militari

163 1856 299 1957 Georg.
324 1859 373 1944 11,-
397 1854 489 1954 559:
506 1873 544 1930 et
567 1857 659 1943 Aen.
686 1855 771 1942 VH,
796 1851 879 1954 637.

264 1977 368 2054 Illud
389 1979 548 2059 forsitan
566 1977 836 2082 *quaerendum
859 1976 925 2063 iit,
956 2003 1055 2052 num
1076 1977 1147 2050 Ro-

165 2125 370 2178 rnanorum
394 2131 548 2180 morum
572 2105 799 2206 rituumque
823 2120 983 2178 aetatem
995 2117 1147 2176 certam

166 2245 206 2302 et
243 2225 417 2302 stabilem
457 2246 607 2329 secutus
645 2228 695 2303 sit
723 2230 842 2302 Maro.
892 2223 978 2302 Non
1013 2226 1147 2330 planet.

166 2340 307 2426 omnia
333 2354 436 2427 enim
460 2353 645 2457 probant,
680 2352 907 2454 Virgilium,
947 2369 1040 2426 utut
1076 2351 1147 2454 ipai

166 2472 411 2548 commodum
435 2493 544 2559 esset,
570 2475 647 2550 iam
672 2472 961 2565 recentioribus,
987 2475 1064 2550 iam
1081 2503 1150 2549 an·

167 2593 620 2698 tiquioribusindulsisse.
661 2598 893 2700 Quanquam
906 2597 1008 2673 enim
1027 2598 1148 2704 prisea

167 2721 331 2796 maxime
355 2721 410 2812 est
432 2739 610 2811 sectatus,
641 2739 809 2797 attamen
833 2727 893 2812 ea,
931 2747 1032 2824 quae
1058 2740 1150 2796 tune

167 2843 283 2918 etiam
297 2844 338 2922 in
355 2848 612 2921 Romanorum
630 2833 749 2920 oeulis
763 2845 1015 2946 manibusque
1031 2844 1150 2931 fuere,

167 2965 329 3045 minime
352 2985 406 3041 est
424 2987 659 3072 aspernatus,
693 2970 839 3081 quippe
863 2993 961 3069 quae
979 2967 1150 3060 ,carmine

169 3115 240 3165 erro
274 3107 459 3193 tanquam
488 3090 658 3192 antiquis
697 3091 781 3178 illis,
810 3091 1045 3195 temporibus
1074 3089 1151 3167 sive

170 3231 268 3302 orta,
301 3213 376 3288 sive
401 3213 538 3290 usitata
563 3215 639 3289 iam
673 3214 822 3290 faceret
878 3216 965 3312 Qua
1003 3213 1151 3306 ratione

169 3335 230 3410 his
248 3362 405 3440 quoque
426 3338 565 3414 ritibus
589 3319 902 3442 caerimoniisque
926 3339 1150 3441 dignitatem

169 3459 321 3536 addidit
345 3481 384 3538 et
407 3444 603 3538 honorem.
654 3461 763 3558 Quae
786 3487 872 3539 vero
897 3489 918 3537 a
943 3464 1152 3542 maioribus

170 3602 385 3702 acceperat,
422 3601 597 3690 quaeque
628 3597 677 3660 'ex
708 3579 783 3660 usu
804 3587 1031 3688 quotidiano
1061 3615 1149 3664 eva·

170 3713 295 3790 nuisse
332 3709 408 3784 iam
448 3710 622 3803 audierat
650 3710 887 3815 videratque,
919 3739 962 3792 ea
994 3714 1152 3820 quidem

173 3837 429 3942 optimoiure
450 3833 611 3910 carmini
639 3833 766 3936 potuit
791 3833 963 3910 inserere.
1019 3836 1152 3930 Quum
